<record><leader>00000cas a22000007a 4500</leader><controlfield tag="001">10667183</controlfield><controlfield tag="008">840426d18701876mducr ne      0    0eng d</controlfield><datafield ind1=" " ind2=" " tag="010"><subfield code="a">sn 84026709 </subfield></datafield><datafield ind1=" " ind2=" " tag="040"><subfield code="a">NPU</subfield><subfield code="b">eng</subfield><subfield code="c">NPU</subfield><subfield code="d">NPX</subfield><subfield code="d">MFN</subfield><subfield code="d">OCLCQ</subfield></datafield><datafield ind1=" " ind2=" " tag="042"><subfield code="a">msc</subfield></datafield><datafield ind1="0" ind2="0" tag="245"><subfield code="a">Twice a week.</subfield></datafield><datafield ind1=" " ind2=" " tag="260"><subfield code="a">Hagerstown, Md. :</subfield><subfield code="b">Norris &amp; Gruber</subfield></datafield><datafield ind1=" " ind2=" " tag="300"><subfield code="a">v.</subfield></datafield><datafield ind1=" " ind2=" " tag="310"><subfield code="a">Semiweekly</subfield></datafield><datafield ind1="1" ind2=" " tag="362"><subfield code="a">Began in 1870? Ceased in 1876?</subfield></datafield><datafield ind1=" " ind2=" " tag="500"><subfield code="a">Published as: Twice-a-week, &lt;1876&gt;.</subfield></datafield><datafield ind1=" " ind2=" " tag="588"><subfield code="a">Description based on: Vol. 3, no. 91 (Jan. 4, 1873).</subfield></datafield><datafield ind1=" " ind2=" " tag="752"><subfield code="a">United States</subfield><subfield code="b">Maryland</subfield><subfield code="c">Washington</subfield><subfield code="d">Hagerstown.</subfield></datafield><datafield ind1="0" ind2="0" tag="785"><subfield code="t">Yeoman's guard</subfield><subfield code="w">(DLC)sn 89060019</subfield></datafield></record>